@inproceedings{goodfellow2014generative,
  title={Generative adversarial nets},
  author={Goodfellow, Ian and Pouget-Abadie, Jean and Mirza, Mehdi and Xu, Bing and Warde-Farley, David and Ozair, Sherjil and Courville, Aaron and Bengio, Yoshua},
  booktitle={Advances in neural information processing systems},
  pages={2672--2680},
  year={2014}
}
@article{cao20133d,
  title={3D shape regression for real-time facial animation},
  author={Cao, Chen and Weng, Yanlin and Lin, Stephen and Zhou, Kun},
  journal={ACM Transactions on Graphics (TOG)},
  volume={32},
  number={4},
  pages={41},
  year={2013},
  publisher={ACM}
}
@inproceedings{koestinger2011annotated,
  title={Annotated facial landmarks in the wild: A large-scale, real-world database for facial landmark localization},
  author={Koestinger, Martin and Wohlhart, Paul and Roth, Peter M and Bischof, Horst},
  booktitle={2011 IEEE international conference on computer vision workshops (ICCV workshops)},
  pages={2144--2151},
  year={2011},
  organization={IEEE}
}
@inproceedings{thies2016face2face,
  title={Face2face: Real-time face capture and reenactment of rgb videos},
  author={Thies, Justus and Zollhofer, Michael and Stamminger, Marc and Theobalt, Christian and Nie{\ss}ner, Matthias},
  booktitle={Proceedings of the IEEE Conference on Computer Vision and Pattern Recognition},
  pages={2387--2395},
  year={2016}
}

@inproceedings{lv2017deep,
  title={A deep regression architecture with two-stage re-initialization for high performance facial landmark detection},
  author={Lv, Jiangjing and Shao, Xiaohu and Xing, Junliang and Cheng, Cheng and Zhou, Xi},
  booktitle={Proceedings of the IEEE Conference on Computer Vision and Pattern Recognition},
  pages={3317--3326},
  year={2017}
}
@inproceedings{xiong2013supervised,
  title={Supervised descent method and its applications to face alignment},
  author={Xiong, Xuehan and De la Torre, Fernando},
  booktitle={Proceedings of the IEEE conference on computer vision and pattern recognition},
  pages={532--539},
  year={2013}
}
@inproceedings{sagonas2013300,
  title={300 faces in-the-wild challenge: The first facial landmark localization challenge},
  author={Sagonas, Christos and Tzimiropoulos, Georgios and Zafeiriou, Stefanos and Pantic, Maja},
  booktitle={Proceedings of the IEEE International Conference on Computer Vision Workshops},
  pages={397--403},
  year={2013}
}
@inproceedings{huber2016multiresolution,
  title={A multiresolution 3d morphable face model and fitting framework},
  author={Huber, Patrik and Hu, Guosheng and Tena, Rafael and Mortazavian, Pouria and Koppen, P and Christmas, William J and Ratsch, Matthias and Kittler, Josef},
  booktitle={Proceedings of the 11th International Joint Conference on Computer Vision, Imaging and Computer Graphics Theory and Applications},
  year={2016}
}
@article{Kazemi2014OneMF,
  title={One millisecond face alignment with an ensemble of regression trees},
  author={Vahid Kazemi and Josephine Sullivan},
  journal={2014 IEEE Conference on Computer Vision and Pattern Recognition},
  year={2014},
  pages={1867-1874}
}
@inproceedings{burl1995face,
  title={Face localization via shape statistics},
  author={Burl, Michael C and Leung, Thomas K and Perona, Pietro},
  booktitle={Internatational Workshop on Automatic Face and Gesture Recognition},
  pages={154--159},
  year={1995},
  organization={Citeseer}
}
@inproceedings{ding2008precise,
  title={Precise detailed detection of faces and facial features},
  author={Ding, Liya and Martinez, Aleix M},
  booktitle={2008 IEEE Conference on Computer Vision and Pattern Recognition},
  pages={1--7},
  year={2008},
  organization={IEEE}
}
@article{belhumeur2013localizing,
  title={Localizing parts of faces using a consensus of exemplars},
  author={Belhumeur, Peter N and Jacobs, David W and Kriegman, David J and Kumar, Neeraj},
  journal={IEEE transactions on pattern analysis and machine intelligence},
  volume={35},
  number={12},
  pages={2930--2940},
  year={2013},
  publisher={IEEE}
}
@inproceedings{le2012interactive,
  title={Interactive facial feature localization},
  author={Le, Vuong and Brandt, Jonathan and Lin, Zhe and Bourdev, Lubomir and Huang, Thomas S},
  booktitle={European conference on computer vision},
  pages={679--692},
  year={2012},
  organization={Springer}
}

@article{cootes2001active,
  title={Active appearance models},
  author={Cootes, Timothy F. and Edwards, Gareth J. and Taylor, Christopher J.},
  journal={IEEE Transactions on pattern analysis and machine intelligence},
  volume={23},
  number={6},
  pages={681--685},
  year={2001},
  publisher={IEEE}
}
@inproceedings{tzimiropoulos2013optimization,
  title={Optimization problems for fast aam fitting in-the-wild},
  author={Tzimiropoulos, Georgios and Pantic, Maja},
  booktitle={Proceedings of the IEEE international conference on computer vision},
  pages={593--600},
  year={2013}
}
@article{gross2005generic,
  title={Generic vs. person specific active appearance models},
  author={Gross, Ralph and Matthews, Iain and Baker, Simon},
  journal={Image and Vision Computing},
  volume={23},
  number={12},
  pages={1080--1093},
  year={2005},
  publisher={Elsevier}
}
@article{cristinacce2008automatic,
  title={Automatic feature localisation with constrained local models},
  author={Cristinacce, David and Cootes, Tim},
  journal={Pattern Recognition},
  volume={41},
  number={10},
  pages={3054--3067},
  year={2008},
  publisher={Elsevier}
}
@inproceedings{asthana2013robust,
  title={Robust discriminative response map fitting with constrained local models},
  author={Asthana, Akshay and Zafeiriou, Stefanos and Cheng, Shiyang and Pantic, Maja},
  booktitle={Proceedings of the IEEE conference on computer vision and pattern recognition},
  pages={3444--3451},
  year={2013}
}
@article{martinez2012local,
  title={Local evidence aggregation for regression-based facial point detection},
  author={Martinez, Brais and Valstar, Michel F and Binefa, Xavier and Pantic, Maja},
  journal={IEEE transactions on pattern analysis and machine intelligence},
  volume={35},
  number={5},
  pages={1149--1163},
  year={2012},
  publisher={IEEE}
}
@article{wu2019facial,
  title={Facial landmark detection: A literature survey},
  author={Wu, Yue and Ji, Qiang},
  journal={International Journal of Computer Vision},
  volume={127},
  number={2},
  pages={115--142},
  year={2019},
  publisher={Springer}
}
@article{oikawa2015manifold,
  title={Manifold learning and spectral clustering for image phylogeny forests},
  author={Oikawa, Marina A and Dias, Zanoni and de Rezende Rocha, Anderson and Goldenstein, Siome},
  journal={IEEE Transactions on Information Forensics and Security},
  volume={11},
  number={1},
  pages={5--18},
  year={2015},
  publisher={IEEE}
}
@inproceedings{mosaddegh2014photorealistic,
  title={Photorealistic face de-identification by aggregating donorsâ€™ face components},
  author={Mosaddegh, Saleh and Simon, Loic and Jurie, Fr{\'e}d{\'e}ric},
  booktitle={Asian Conference on Computer Vision},
  pages={159--174},
  year={2014},
  organization={Springer}
}
@inproceedings{levi2015emotion,
  title={Emotion recognition in the wild via convolutional neural networks and mapped binary patterns},
  author={Levi, Gil and Hassner, Tal},
  booktitle={Proceedings of the 2015 ACM on international conference on multimodal interaction},
  pages={503--510},
  year={2015}
}
@inproceedings{wolf2010eye,
  title={An eye for an eye: A single camera gaze-replacement method},
  author={Wolf, Lior and Freund, Ziv and Avidan, Shai},
  booktitle={2010 IEEE Computer Society Conference on Computer Vision and Pattern Recognition},
  pages={817--824},
  year={2010},
  organization={IEEE}
}
@incollection{bitouk2008face,
  title={Face swapping: automatically replacing faces in photographs},
  author={Bitouk, Dmitri and Kumar, Neeraj and Dhillon, Samreen and Belhumeur, Peter and Nayar, Shree K},
  booktitle={ACM SIGGRAPH 2008 papers},
  pages={1--8},
  year={2008}
}
@inproceedings{blanz2004exchanging,
  title={Exchanging faces in images},
  author={Blanz, Volker and Scherbaum, Kristina and Vetter, Thomas and Seidel, Hans-Peter},
  booktitle={Computer Graphics Forum},
  volume={23},
  number={3},
  pages={669--676},
  year={2004},
  organization={Wiley Online Library}
}
@inproceedings{korshunova2017fast,
  title={Fast face-swap using convolutional neural networks},
  author={Korshunova, Iryna and Shi, Wenzhe and Dambre, Joni and Theis, Lucas},
  booktitle={Proceedings of the IEEE International Conference on Computer Vision},
  pages={3677--3685},
  year={2017}
}
@article{jing2019neural,
  title={Neural style transfer: A review},
  author={Jing, Yongcheng and Yang, Yezhou and Feng, Zunlei and Ye, Jingwen and Yu, Yizhou and Song, Mingli},
  journal={IEEE transactions on visualization and computer graphics},
  year={2019},
  publisher={IEEE}
}
@inproceedings{nirkin2018face,
  title={On face segmentation, face swapping, and face perception},
  author={Nirkin, Yuval and Masi, Iacopo and Tuan, Anh Tran and Hassner, Tal and Medioni, Gerard},
  booktitle={2018 13th IEEE International Conference on Automatic Face \& Gesture Recognition (FG 2018)},
  pages={98--105},
  year={2018},
  organization={IEEE}
}
@inproceedings{dalal2005histograms,
  title={Histograms of oriented gradients for human detection},
  author={Dalal, Navneet and Triggs, Bill},
  booktitle={2005 IEEE computer society conference on computer vision and pattern recognition (CVPR'05)},
  volume={1},
  pages={886--893},
  year={2005},
  organization={IEEE}
}

@inproceedings{liu2015faceattributes,
 title = {Deep Learning Face Attributes in the Wild},
 author = {Liu, Ziwei and Luo, Ping and Wang, Xiaogang and Tang, Xiaoou},
 booktitle = {Proceedings of International Conference on Computer Vision (ICCV)},
 month = {December},
 year = {2015} 
}

@article{ross2010visual,
  title={Visual cryptography for biometric privacy},
  author={Ross, Arun and Othman, Asem},
  journal={IEEE transactions on information forensics and security},
  volume={6},
  number={1},
  pages={70--81},
  year={2010},
  publisher={IEEE}
}

@inproceedings{natsume2018fsnet,
  title={Fsnet: An identity-aware generative model for image-based face swapping},
  author={Natsume, Ryota and Yatagawa, Tatsuya and Morishima, Shigeo},
  booktitle={Asian Conference on Computer Vision},
  pages={117--132},
  year={2018},
  organization={Springer}
}
@article{natsume2018rsgan,
  title={RSGAN: face swapping and editing using face and hair representation in latent spaces},
  author={Natsume, Ryota and Yatagawa, Tatsuya and Morishima, Shigeo},
  journal={arXiv preprint arXiv:1804.03447},
  year={2018}
}
@inproceedings{nirkin2019fsgan,
  title={Fsgan: Subject agnostic face swapping and reenactment},
  author={Nirkin, Yuval and Keller, Yosi and Hassner, Tal},
  booktitle={Proceedings of the IEEE International Conference on Computer Vision},
  pages={7184--7193},
  year={2019}
}
@book{vapnik2013nature,
  title={The nature of statistical learning theory},
  author={Vapnik, Vladimir},
  year={2013},
  publisher={Springer science \& business media}
}
@inproceedings{agarwal2017swapped,
  title={Swapped! digital face presentation attack detection via weighted local magnitude pattern},
  author={Agarwal, Akshay and Singh, Richa and Vatsa, Mayank and Noore, Afzel},
  booktitle={2017 IEEE International Joint Conference on Biometrics (IJCB)},
  pages={659--665},
  year={2017},
  organization={IEEE}
}
@article{ojala2002multiresolution,
  title={Multiresolution gray-scale and rotation invariant texture classification with local binary patterns},
  author={Ojala, Timo and Pietikainen, Matti and Maenpaa, Topi},
  journal={IEEE Transactions on pattern analysis and machine intelligence},
  volume={24},
  number={7},
  pages={971--987},
  year={2002},
  publisher={IEEE}
}
@inproceedings{zhang2017automated,
  title={Automated face swapping and its detection},
  author={Zhang, Ying and Zheng, Lilei and Thing, Vrizlynn LL},
  booktitle={2017 IEEE 2nd International Conference on Signal and Image Processing (ICSIP)},
  pages={15--19},
  year={2017},
  organization={IEEE}
}
@article{ding2020swapped,
  title={Swapped face detection using deep learning and subjective assessment},
  author={Ding, Xinyi and Raziei, Zohreh and Larson, Eric C and Olinick, Eli V and Krueger, Paul and Hahsler, Michael},
  journal={EURASIP Journal on Information Security},
  volume={2020},
  pages={1--12},
  year={2020},
  publisher={Springer}
}
@inproceedings{khodabakhsh2018fake,
  title={Fake face detection methods: Can they be generalized?},
  author={Khodabakhsh, Ali and Ramachandra, Raghavendra and Raja, Kiran and Wasnik, Pankaj and Busch, Christoph},
  booktitle={2018 International Conference of the Biometrics Special Interest Group (BIOSIG)},
  pages={1--6},
  year={2018},
  organization={IEEE}
}
@article{korshunov2018deepfakes,
  title={Deepfakes: a new threat to face recognition? assessment and detection},
  author={Korshunov, Pavel and Marcel, S{\'e}bastien},
  journal={arXiv preprint arXiv:1812.08685},
  year={2018}
}

@inproceedings{BMVC,
      title = {Accurate Regression Procedures for Active Appearance Models}
      author = {Patrick Sauer,  Tim Cootes and  Chris Taylor}
      year={2011}
      pages={30.1--30.11}
      booktitle={Proc. BMVC}
      isbn={1-901725-43-X}
      note = {http://dx.doi.org/10.5244/C.25.30}
}
@article{saragih2011deformable,
  title={Deformable model fitting by regularized landmark mean-shift},
  author={Saragih, Jason M and Lucey, Simon and Cohn, Jeffrey F},
  journal={International journal of computer vision},
  volume={91},
  number={2},
  pages={200--215},
  year={2011},
  publisher={Springer}
}
@inproceedings{yang2013privileged,
  title={Privileged information-based conditional regression forest for facial feature detection},
  author={Yang, Heng and Patras, Ioannis},
  booktitle={2013 10th IEEE International Conference and Workshops on Automatic Face and Gesture Recognition (FG)},
  pages={1--6},
  year={2013},
  organization={IEEE}
}
@inproceedings{sadu2020swapping,
  title={Swapping Face Images Based on Augmented Facial Landmarks and Its Detection},
  author={Sadu, Chiranjeevi and Das, Pradip K},
  booktitle={2020 IEEE REGION 10 CONFERENCE (TENCON)},
  pages={456--461},
  year={2020},
  organization={IEEE}
}
@inproceedings{mahajan2017swapitup,
  title={Swapitup: A face swap application for privacy protection},
  author={Mahajan, Sachit and Chen, Ling-Jyh and Tsai, Tzu-Chieh},
  booktitle={2017 IEEE 31st International Conference on Advanced Information Networking and Applications (AINA)},
  pages={46--50},
  year={2017},
  organization={IEEE}
}
@article{chen2019face,
  title={Face swapping: realistic image synthesis based on facial landmarks alignment},
  author={Chen, Dongyue and Chen, Qiusheng and Wu, Jianjun and Yu, Xiaosheng and Jia, Tong},
  journal={Mathematical Problems in Engineering},
  volume={2019},
  year={2019},
  publisher={Hindawi}
}

@article{krizhevsky2012imagenet,
  title={Imagenet classification with deep convolutional neural networks},
  author={Krizhevsky, Alex and Sutskever, Ilya and Hinton, Geoffrey E},
  journal={Advances in neural information processing systems},
  volume={25},
  pages={1097--1105},
  year={2012}
}
@inproceedings{girshick2015fast,
  title={Fast r-cnn},
  author={Girshick, Ross},
  booktitle={Proceedings of the IEEE international conference on computer vision},
  pages={1440--1448},
  year={2015}
}
@book{deng2018deep,
  title={Deep learning in natural language processing},
  author={Deng, Li and Liu, Yang},
  year={2018},
  publisher={Springer}
}
@article{carrara2018picture,
  title={Picture it in your mind: Generating high level visual representations from textual descriptions},
  author={Carrara, Fabio and Esuli, Andrea and Fagni, Tiziano and Falchi, Fabrizio and Fern{\'a}ndez, Alejandro Moreo},
  journal={Information Retrieval Journal},
  volume={21},
  number={2},
  pages={208--229},
  year={2018},
  publisher={Springer}
}
@inproceedings{ortis2019overview,
  title={An Overview on Image Sentiment Analysis: Methods, Datasets and Current Challenges.},
  author={Ortis, Alessandro and Farinella, Giovanni Maria and Battiato, Sebastiano},
  booktitle={ICETE (1)},
  pages={296--306},
  year={2019}
}
@article{szegedy2013intriguing,
  title={Intriguing properties of neural networks},
  author={Szegedy, Christian and Zaremba, Wojciech and Sutskever, Ilya and Bruna, Joan and Erhan, Dumitru and Goodfellow, Ian and Fergus, Rob},
  journal={arXiv preprint arXiv:1312.6199},
  year={2013}
}
@inproceedings{carlini2017towards,
  title={Towards evaluating the robustness of neural networks},
  author={Carlini, Nicholas and Wagner, David},
  booktitle={2017 ieee symposium on security and privacy (sp)},
  pages={39--57},
  year={2017},
  organization={IEEE}
}
@inproceedings{dong2018boosting,
  title={Boosting adversarial attacks with momentum},
  author={Dong, Yinpeng and Liao, Fangzhou and Pang, Tianyu and Su, Hang and Zhu, Jun and Hu, Xiaolin and Li, Jianguo},
  booktitle={Proceedings of the IEEE conference on computer vision and pattern recognition},
  pages={9185--9193},
  year={2018}
}
@misc{kurakin2016adversarial,
  title={Adversarial examples in the physical world},
  author={Kurakin, Alexey and Goodfellow, Ian and Bengio, Samy and others},
  year={2016}
}
@article{liu2016delving,
  title={Delving into transferable adversarial examples and black-box attacks},
  author={Liu, Yanpei and Chen, Xinyun and Liu, Chang and Song, Dawn},
  journal={arXiv preprint arXiv:1611.02770},
  year={2016}
}
@inproceedings{papernot2017practical,
  title={Practical black-box attacks against machine learning},
  author={Papernot, Nicolas and McDaniel, Patrick and Goodfellow, Ian and Jha, Somesh and Celik, Z Berkay and Swami, Ananthram},
  booktitle={Proceedings of the 2017 ACM on Asia conference on computer and communications security},
  pages={506--519},
  year={2017}
}
@inproceedings{li2019scene,
  title={Scene privacy protection},
  author={Li, Chau Yi and Shamsabadi, Ali Shahin and Sanchez-Matilla, Ricardo and Mazzon, Riccardo and Cavallaro, Andrea},
  booktitle={ICASSP 2019-2019 IEEE International Conference on Acoustics, Speech and Signal Processing (ICASSP)},
  pages={2502--2506},
  year={2019},
  organization={IEEE}
}
@article{gu2014towards,
  title={Towards deep neural network architectures robust to adversarial examples},
  author={Gu, Shixiang and Rigazio, Luca},
  journal={arXiv preprint arXiv:1412.5068},
  year={2014}
}
@article{madry2017towards,
  title={Towards deep learning models resistant to adversarial attacks},
  author={Madry, Aleksander and Makelov, Aleksandar and Schmidt, Ludwig and Tsipras, Dimitris and Vladu, Adrian},
  journal={arXiv preprint arXiv:1706.06083},
  year={2017}
}
@inproceedings{papernot2016distillation,
  title={Distillation as a defense to adversarial perturbations against deep neural networks},
  author={Papernot, Nicolas and McDaniel, Patrick and Wu, Xi and Jha, Somesh and Swami, Ananthram},
  booktitle={2016 IEEE symposium on security and privacy (SP)},
  pages={582--597},
  year={2016},
  organization={IEEE}
}
@inproceedings{rozsa2016adversarial,
  title={Adversarial diversity and hard positive generation},
  author={Rozsa, Andras and Rudd, Ethan M and Boult, Terrance E},
  booktitle={Proceedings of the IEEE Conference on Computer Vision and Pattern Recognition Workshops},
  pages={25--32},
  year={2016}
}
@inproceedings{carlini2017adversarial,
  title={Adversarial examples are not easily detected: Bypassing ten detection methods},
  author={Carlini, Nicholas and Wagner, David},
  booktitle={Proceedings of the 10th ACM Workshop on Artificial Intelligence and Security},
  pages={3--14},
  year={2017}
}
@article{dvijotham2018training,
  title={Training verified learners with learned verifiers},
  author={Dvijotham, Krishnamurthy and Gowal, Sven and Stanforth, Robert and Arandjelovic, Relja and O'Donoghue, Brendan and Uesato, Jonathan and Kohli, Pushmeet},
  journal={arXiv preprint arXiv:1805.10265},
  year={2018}
}
@inproceedings{dvijotham2018dual,
  title={A Dual Approach to Scalable Verification of Deep Networks.},
  author={Dvijotham, Krishnamurthy and Stanforth, Robert and Gowal, Sven and Mann, Timothy A and Kohli, Pushmeet},
  booktitle={UAI},
  volume={1},
  number={2},
  pages={3},
  year={2018}
}
@article{grosse2017statistical,
  title={On the (statistical) detection of adversarial examples},
  author={Grosse, Kathrin and Manoharan, Praveen and Papernot, Nicolas and Backes, Michael and McDaniel, Patrick},
  journal={arXiv preprint arXiv:1702.06280},
  year={2017}
}
@article{gong2017adversarial,
  title={Adversarial and clean data are not twins},
  author={Gong, Zhitao and Wang, Wenlu and Ku, Wei-Shinn},
  journal={arXiv preprint arXiv:1704.04960},
  year={2017}
}
@article{metzen2017detecting,
  title={On detecting adversarial perturbations},
  author={Metzen, Jan Hendrik and Genewein, Tim and Fischer, Volker and Bischoff, Bastian},
  journal={arXiv preprint arXiv:1702.04267},
  year={2017}
}
@article{bhagoji2017dimensionality,
  title={Dimensionality reduction as a defense against evasion attacks on machine learning classifiers},
  author={Bhagoji, Arjun Nitin and Cullina, Daniel and Mittal, Prateek},
  journal={arXiv preprint arXiv:1704.02654},
  volume={2},
  year={2017}
}
@inproceedings{li2017adversarial,
  title={Adversarial examples detection in deep networks with convolutional filter statistics},
  author={Li, Xin and Li, Fuxin},
  booktitle={Proceedings of the IEEE International Conference on Computer Vision},
  pages={5764--5772},
  year={2017}
}
@inproceedings{biggio2013evasion,
  title={Evasion attacks against machine learning at test time},
  author={Biggio, Battista and Corona, Igino and Maiorca, Davide and Nelson, Blaine and {\v{S}}rndi{\'c}, Nedim and Laskov, Pavel and Giacinto, Giorgio and Roli, Fabio},
  booktitle={Joint European conference on machine learning and knowledge discovery in databases},
  pages={387--402},
  year={2013},
  organization={Springer}
}
@inproceedings{moosavi2016deepfool,
  title={Deepfool: a simple and accurate method to fool deep neural networks},
  author={Moosavi-Dezfooli, Seyed-Mohsen and Fawzi, Alhussein and Frossard, Pascal},
  booktitle={Proceedings of the IEEE conference on computer vision and pattern recognition},
  pages={2574--2582},
  year={2016}
}
@inproceedings{papernot2016limitations,
  title={The limitations of deep learning in adversarial settings},
  author={Papernot, Nicolas and McDaniel, Patrick and Jha, Somesh and Fredrikson, Matt and Celik, Z Berkay and Swami, Ananthram},
  booktitle={2016 IEEE European symposium on security and privacy (EuroS\&P)},
  pages={372--387},
  year={2016},
  organization={IEEE}
}
@article{goodfellow2014explaining,
  title={Explaining and harnessing adversarial examples},
  author={Goodfellow, Ian J and Shlens, Jonathon and Szegedy, Christian},
  journal={arXiv preprint arXiv:1412.6572},
  year={2014}
}
@misc{kurakin2016adversarial,
  title={Adversarial examples in the physical world},
  author={Kurakin, Alexey and Goodfellow, Ian and Bengio, Samy and others},
  year={2016}
}
@inproceedings{papernot2017practical,
  title={Practical black-box attacks against machine learning},
  author={Papernot, Nicolas and McDaniel, Patrick and Goodfellow, Ian and Jha, Somesh and Celik, Z Berkay and Swami, Ananthram},
  booktitle={Proceedings of the 2017 ACM on Asia conference on computer and communications security},
  pages={506--519},
  year={2017}
}
@inproceedings{chen2017zoo,
  title={Zoo: Zeroth order optimization based black-box attacks to deep neural networks without training substitute models},
  author={Chen, Pin-Yu and Zhang, Huan and Sharma, Yash and Yi, Jinfeng and Hsieh, Cho-Jui},
  booktitle={Proceedings of the 10th ACM workshop on artificial intelligence and security},
  pages={15--26},
  year={2017}
}
@inproceedings{ilyas2018black,
  title={Black-box adversarial attacks with limited queries and information},
  author={Ilyas, Andrew and Engstrom, Logan and Athalye, Anish and Lin, Jessy},
  booktitle={International Conference on Machine Learning},
  pages={2137--2146},
  year={2018},
  organization={PMLR}
}
@inproceedings{alzantot2019genattack,
  title={Genattack: Practical black-box attacks with gradient-free optimization},
  author={Alzantot, Moustafa and Sharma, Yash and Chakraborty, Supriyo and Zhang, Huan and Hsieh, Cho-Jui and Srivastava, Mani B},
  booktitle={Proceedings of the Genetic and Evolutionary Computation Conference},
  pages={1111--1119},
  year={2019}
}
@article{xiao2018generating,
  title={Generating adversarial examples with adversarial networks},
  author={Xiao, Chaowei and Li, Bo and Zhu, Jun-Yan and He, Warren and Liu, Mingyan and Song, Dawn},
  journal={arXiv preprint arXiv:1801.02610},
  year={2018}
}
@article{hendrycks2016early,
  title={Early methods for detecting adversarial images},
  author={Hendrycks, Dan and Gimpel, Kevin},
  journal={arXiv preprint arXiv:1608.00530},
  year={2016}
}
@inproceedings{deng2019arcface,
  title={Arcface: Additive angular margin loss for deep face recognition},
  author={Deng, Jiankang and Guo, Jia and Xue, Niannan and Zafeiriou, Stefanos},
  booktitle={Proceedings of the IEEE/CVF Conference on Computer Vision and Pattern Recognition},
  pages={4690--4699},
  year={2019}
}
@inproceedings{deb2020advfaces,
  title={Advfaces: Adversarial face synthesis},
  author={Deb, Debayan and Zhang, Jianbang and Jain, Anil K},
  booktitle={2020 IEEE International Joint Conference on Biometrics (IJCB)},
  pages={1--10},
  year={2020},
  organization={IEEE}
}
@inproceedings{qiu2020semanticadv,
  title={SemanticAdv: Generating Adversarial Examples via Attribute-conditioned Image Editing},
  author={Qiu, Haonan and Xiao, Chaowei and Yang, Lei and Yan, Xinchen and Lee, Honglak and Li, Bo},
  booktitle={European Conference on Computer Vision},
  pages={19--37},
  year={2020},
  organization={Springer}
}
@article{xu2020adversarial,
  title={Adversarial attacks and defenses in images, graphs and text: A review},
  author={Xu, Han and Ma, Yao and Liu, Hao-Chen and Deb, Debayan and Liu, Hui and Tang, Ji-Liang and Jain, Anil K},
  journal={International Journal of Automation and Computing},
  volume={17},
  number={2},
  pages={151--178},
  year={2020},
  publisher={Springer}
}
@article{massoli2021detection,
  title={Detection of face recognition adversarial attacks},
  author={Massoli, Fabio Valerio and Carrara, Fabio and Amato, Giuseppe and Falchi, Fabrizio},
  journal={Computer Vision and Image Understanding},
  volume={202},
  pages={103103},
  year={2021},
  publisher={Elsevier}
}
@inproceedings{agarwal2018image,
  title={Are image-agnostic universal adversarial perturbations for face recognition difficult to detect?},
  author={Agarwal, Akshay and Singh, Richa and Vatsa, Mayank and Ratha, Nalini},
  booktitle={2018 IEEE 9th International Conference on Biometrics Theory, Applications and Systems (BTAS)},
  pages={1--7},
  year={2018},
  organization={IEEE}
}
@inproceedings{amodei2016deep,
  title={Deep speech 2: End-to-end speech recognition in english and mandarin},
  author={Amodei, Dario and Ananthanarayanan, Sundaram and Anubhai, Rishita and Bai, Jingliang and Battenberg, Eric and Case, Carl and Casper, Jared and Catanzaro, Bryan and Cheng, Qiang and Chen, Guoliang and others},
  booktitle={International conference on machine learning},
  pages={173--182},
  year={2016},
  organization={PMLR}
}
@inproceedings{xie2019feature,
  title={Feature denoising for improving adversarial robustness},
  author={Xie, Cihang and Wu, Yuxin and Maaten, Laurens van der and Yuille, Alan L and He, Kaiming},
  booktitle={Proceedings of the IEEE/CVF Conference on Computer Vision and Pattern Recognition},
  pages={501--509},
  year={2019}
}
@article{mustafa2019image,
  title={Image super-resolution as a defense against adversarial attacks},
  author={Mustafa, Aamir and Khan, Salman H and Hayat, Munawar and Shen, Jianbing and Shao, Ling},
  journal={IEEE Transactions on Image Processing},
  volume={29},
  pages={1711--1724},
  year={2019},
  publisher={IEEE}
}
@inproceedings{sadu2021defense,
  title={A Defense Method Against Facial Adversarial Attacks},
  author={Sadu, Chiranjeevi and Das, Pradip K},
  booktitle={TENCON 2021-2021 IEEE Region 10 Conference (TENCON)},
  pages={459--463},
  year={2021},
  organization={IEEE}
}
@inproceedings{karras2019style,
  title={A style-based generator architecture for generative adversarial networks},
  author={Karras, Tero and Laine, Samuli and Aila, Timo},
  booktitle={Proceedings of the IEEE/CVF conference on computer vision and pattern recognition},
  pages={4401--4410},
  year={2019}
}
@inproceedings{dabouei2019fast,
  title={Fast geometrically-perturbed adversarial faces},
  author={Dabouei, Ali and Soleymani, Sobhan and Dawson, Jeremy and Nasrabadi, Nasser},
  booktitle={2019 IEEE Winter Conference on Applications of Computer Vision (WACV)},
  pages={1979--1988},
  year={2019},
  organization={IEEE}
}
@inproceedings{tomasi1998bilateral,
  title={Bilateral filtering for gray and color images},
  author={Tomasi, Carlo and Manduchi, Roberto},
  booktitle={Sixth international conference on computer vision (IEEE Cat. No. 98CH36271)},
  pages={839--846},
  year={1998},
  organization={IEEE}
}
@inproceedings{kim2016accurate,
  title={Accurate image super-resolution using very deep convolutional networks},
  author={Kim, Jiwon and Lee, Jung Kwon and Lee, Kyoung Mu},
  booktitle={Proceedings of the IEEE conference on computer vision and pattern recognition},
  pages={1646--1654},
  year={2016}
}
@inproceedings{kim2016deeply,
  title={Deeply-recursive convolutional network for image super-resolution},
  author={Kim, Jiwon and Lee, Jung Kwon and Lee, Kyoung Mu},
  booktitle={Proceedings of the IEEE conference on computer vision and pattern recognition},
  pages={1637--1645},
  year={2016}
}
@inproceedings{lim2017enhanced,
  title={Enhanced deep residual networks for single image super-resolution},
  author={Lim, Bee and Son, Sanghyun and Kim, Heewon and Nah, Seungjun and Mu Lee, Kyoung},
  booktitle={Proceedings of the IEEE conference on computer vision and pattern recognition workshops},
  pages={136--144},
  year={2017}
}
@inproceedings{karras2019style,
  title={A style-based generator architecture for generative adversarial networks},
  author={Karras, Tero and Laine, Samuli and Aila, Timo},
  booktitle={Proceedings of the IEEE/CVF conference on computer vision and pattern recognition},
  pages={4401--4410},
  year={2019}
}
@inproceedings{sadu2021defense,
  title={A Defense Method Against Facial Adversarial Attacks},
  author={Sadu, Chiranjeevi and Das, Pradip K},
  booktitle={TENCON 2021-2021 IEEE Region 10 Conference (TENCON)},
  pages={459--463},
  year={2021},
  organization={IEEE}
}
@article{su2019one,
  title={One pixel attack for fooling deep neural networks},
  author={Su, Jiawei and Vargas, Danilo Vasconcellos and Sakurai, Kouichi},
  journal={IEEE Transactions on Evolutionary Computation},
  volume={23},
  number={5},
  pages={828--841},
  year={2019},
  publisher={IEEE}
}

@article{lecun1998mnist,
  title={The MNIST database of handwritten digits},
  author={LeCun, Yann},
  journal={http://yann. lecun. com/exdb/mnist/},
  year={1998}
}
@INPROCEEDINGS{ImageNet,
  author={Deng, Jia and Dong, Wei and Socher, Richard and Li, Li-Jia and Kai Li and Li Fei-Fei},
  booktitle={2009 IEEE Conference on Computer Vision and Pattern Recognition}, 
  title={ImageNet: A large-scale hierarchical image database}, 
  year={2009},
  volume={},
  number={},
  pages={248-255},
  doi={10.1109/CVPR.2009.5206848}
}
@article{krizhevsky2009learning,
  title={Learning multiple layers of features from tiny images},
  author={Krizhevsky, Alex and Hinton, Geoffrey and others},
  year={2009},
  publisher={Toronto, ON, Canada}
}


















